% This file was created with JabRef 2.10.
% Encoding: UTF-8


@TechReport{skypeAna,
  Title                    = {An Analysis of the Skype Peer-to-Peer Internet Telephony 
Protocol},
  Author                   = {Salman A. Baset and Henning Schulzrinne},
  Institution              = {Columbia University},
  Year                     = {2004}
}

@Article{liang2006fasttrack,
  Title                    = {The FastTrack overlay: A measurement study},
  Author                   = {Liang, Jian and Kumar, Rakesh and Ross, Keith W},
  Journal                  = {Computer Networks},
  Year                     = {2006},
  Number                   = {6},
  Pages                    = {842--858},
  Volume                   = {50},

  Publisher                = {Elsevier}
}

@Article{morphvsKazaa,
  Title                    = {Morpheus vs. Kazaa, The Next Generation},
  Author                   = {Thomas Mennecke},
  Journal                  = {http://www.slyck.com},
  Year                     = {2006}
}

@Article{menneck2,
  Title                    = {End of the Road for Overpeer},
  Author                   = {Thomas Mennecke},
  Journal                  = {slyck.com},
  Year                     = {2005}
}

@Article{veitinger2002,
  Title                    = {"'Overpeer"': Angriff auf Musikfans},
  Author                   = {Thomas Veitinger},
  Journal                  = {Spiegel Online},
  Year                     = {2002}
}

@Misc{fastTrack,
  Title                    = {FastTrack},
  Month                    = {August},
  Note                     = {https://en.wikipedia.org/wiki/FastTrack},
  Year                     = {2015},

  Url                      = {https://en.wikipedia.org/wiki/FastTrack}
}

@Misc{gift,
  Title                    = {giFT},
  Month                    = {August},
  Note                     = {http://sourceforge.net/projects/gift/},
  Year                     = {2015},

  Url                      = {http://sourceforge.net/projects/gift/}
}

@Misc{gnutella,
  Title                    = {Gnutella},
  Month                    = {August},
  Note                     = {https://en.wikipedia.org/wiki/Gnutella},
  Year                     = {2015},

  Url                      = {https://en.wikipedia.org/wiki/Gnutella}
}

@Misc{grokster,
  Title                    = {Grokster},
  Month                    = {August},
  Note                     = {https://en.wikipedia.org/wiki/Grokster},
  Year                     = {2015},

  Url                      = {https://en.wikipedia.org/wiki/Grokster}
}

@Misc{joltid,
  Title                    = {Joltid},
  Month                    = {August},
  Note                     = {http://joltid.com/},
  Year                     = {2015},

  Url                      = {http://joltid.com/}
}

@Misc{kazaa,
  Title                    = {Kazaa},
  Month                    = {August},
  Note                     = {https://en.wikipedia.org/wiki/Kazaa},
  Year                     = {2015},

  Url                      = {https://en.wikipedia.org/wiki/Kazaa}
}

@Misc{kazaaLite,
  Title                    = {Kazaa-Lite},
  Month                    = {August},
  Note                     = {https://en.wikipedia.org/wiki/Kazaa\textunderscore Lite},
  Year                     = {2015},

  Url                      = {https://en.wikipedia.org/wiki/Kazaa_Lite}
}

@Misc{morpheus,
  Title                    = {Morpheus},
  Month                    = {August},
  Note                     = {https://en.wikipedia.org/wiki/Morpheus\textunderscore \%28software\%29},
  Year                     = {2015},

  Url                      = {https://en.wikipedia.org/wiki/Morpheus_%28software%29}
}

@Misc{sharmanN,
  Title                    = {Sharman Networks},
  Month                    = {August},
  Note                     = {https://en.wikipedia.org/wiki/Sharman\textunderscore Networks},
  Year                     = {2015},

  Url                      = {https://en.wikipedia.org/wiki/Sharman_Networks}
}

@Misc{skypep2p,
  Title                    = {What are P2P communications?},
  HowPublished             = {support.skype.com},
  Month                    = {August},
  Note                     = {https://support.skype.com/en/faq/FA10983/what-are-p2p-communications},
  Year                     = {2015},

  Url                      = {https://support.skype.com/en/faq/FA10983/what-are-p2p-communications}
}

@Misc{uuHash,
  Title                    = {UUHash},
  Month                    = {August},
  Note                     = {https://en.wikipedia.org/wiki/UUHash},
  Year                     = {2015},

  Url                      = {https://en.wikipedia.org/wiki/UUHash}
}

@Misc{kazaagui,
  Title                    = {Kazaa Preview},
  Month                    = {Dezember},
  Note                     = {http://p2pon.net/p2p-reviews/kazaa/},
  Year                     = {2012},

  Url                      = {http://p2pon.net/p2p-reviews/kazaa/}
}

@Misc{caida,
  Title                    = {Round-Trip Time Internet Measurements from CAIDA's Macroscopic Internet Topology Monitor},
  Note                     = {http://www.caida.org/research/performance/rtt/walrus0202/},
  Year                     = {2001},

  Url                      = {http://www.caida.org/research/performance/rtt/walrus0202/}
}

